@inproceedings{krizhevsky2012,
  title={ImageNet classification with deep convolutional neural networks},
  author={Krizhevsky, Alex and Sutskever, Ilya and Hinton, Geoffrey E.},
  booktitle={Proceedings of the 25th International Conference on Neural Information Processing Systems},
  pages={1097--1105},
  volume={1},
  year={2012},
}


@article{dubey2024,
  title={The Llama 3 Herd of Models},
  author={Dubey, Abhimanyu and others},
  journal={arXiv preprint arXiv:2407.21783},
  year={2024},
  archivePrefix={arXiv},
  eprint={2407.21783},
  primaryClass={cs.AI},
}


@inproceedings{grinsztajn2022,
  title={Why do tree-based models still outperform deep learning on tabular data?},
  author={Grinsztajn, L{\'e}o and Oyallon, Edouard and Varoquaux, Ga{\"e}l},
  booktitle={Proceedings of the 36th International Conference on Neural Information Processing Systems (NeurIPS)},
  year={2022},
  articleno={37},
  pages={507--520},
}


@article{schambach2024,
  title={Towards Tabular Foundation Models: Status quo, challenges, and opportunities},
  author={Schambach, Maximilian},
  journal={HAL preprint hal-04440710},
  year={2024},
  archivePrefix={HAL},
  eprint={hal-04440710},
}


@inproceedings{wang2024,
  title={MediTab: Scaling Medical Tabular Data Predictors via Data Consolidation, Enrichment, and Refinement},
  author={Wang, Zifeng and Gao, Chufan and Xiao, Cao and Sun, Jimeng},
  booktitle={Proceedings of the 33rd International Joint Conference on Artificial Intelligence},
  year={2024},
  publisher={IJCAI},
}


@inproceedings{hegselmann2023,
  title={TabLLM: Few-shot Classification of Tabular Data with Large Language Models},
  author={Hegselmann, Stefan and Buendia, Alejandro and Lang, Hunter and Agrawal, Monica and Jiang, Xiaoyi and Sontag, David},
  booktitle={Proceedings of The 26th International Conference on Artificial Intelligence and Statistics},
  pages={5549--5581},
  year={2023},
  volume={206},
  series={Proceedings of Machine Learning Research},
  publisher={PMLR},
}


@article{wen2024,
  title={From Supervised to Generative: A Novel Paradigm for Tabular Deep Learning with Large Language Models},
  author={Wen, Xumeng and Zhang, Han and Zheng, Shun and Xu, Wei and Bian, Jiang},
  journal={arXiv preprint arXiv:2310.07338},
  year={2024},
  archivePrefix={arXiv},
  eprint={2310.07338},
  primaryClass={cs.LG},
}


@article{gardner2024,
  title={Large Scale Transfer Learning for Tabular Data via Language Modeling},
  author={Gardner, Josh and Perdomo, Juan C. and Schmidt, Ludwig},
  journal={arXiv preprint arXiv:2406.12031},
  year={2024},
  archivePrefix={arXiv},
  eprint={2406.12031},
  primaryClass={cs.LG},
}


@inproceedings{wang2022,
  title={TransTab: Learning Transferable Tabular Transformers Across Tables},
  author={Wang, Zifeng and Sun, Jimeng},
  booktitle={Proceedings of the 36th International Conference on Neural Information Processing Systems (NeurIPS)},
  year={2022},
  articleno={210},
  pages={2902--2915},
}


@inproceedings{zhu2023,
  title={{XT}ab: Cross-table Pretraining for Tabular Transformers},
  author={Zhu, Bingzhao and Shi, Xingjian and Erickson, Nick and Li, Mu and Karypis, George and Shoaran, Mahsa},
  booktitle={Proceedings of the 40th International Conference on Machine Learning},
  pages={43181--43204},
  year={2023},
  volume={202},
  series={Proceedings of Machine Learning Research},
  publisher={PMLR},
}


@inproceedings{hollmann2023,
  title={TabPFN: A transformer that solves small tabular classification problems in a second},
  author={Hollmann, Noah and Müller, Samuel and Eggensperger, Katharina and Hutter, Frank},
  booktitle={The Eleventh International Conference on Learning Representations},
  year={2023},
}


@article{kim2024,
  title={CARTE: Pretraining and Transfer for Tabular Learning},
  author={Kim, Jun and Grinsztajn, L{\'e}o and Varoquaux, Ga{\"e}l},
  journal={arXiv preprint arXiv:2402.16785},
  year={2024},
  archivePrefix={arXiv},
  eprint={2402.16785},
  primaryClass={cs.LG},
}


@article{golkar2023,
  title={xVal: A Continuous Number Encoding for Large Language Models},
  author={Golkar, Siavash and Pettee, Mariel and Eickenberg, Michael and Bietti, Alberto and Cranmer, Miles and Krawezik, Geraud and Lanusse, Francois and McCabe, Michael and Ohana, Ruben and Parker, Liam and Régaldo-Saint Blancard, Bruno and Tesileanu, Tiberiu and Cho, Kyunghyun and Ho, Shirley},
  journal={arXiv preprint arXiv:2310.02989},
  year={2024},
  archivePrefix={arXiv},
  eprint={2310.02989},
  primaryClass={stat.ML},
}


@misc{house-prices,
    author={Montoya, Anna and DataCanary},
    title={House Prices - Advanced Regression Techniques},
    publisher={Kaggle},
    year={2016},
    url={https://kaggle.com/competitions/house-prices-advanced-regression-techniques},
}


@misc{store-sales,
    author={Cook, Alexis and DanB and inversion and Holbrook, Ryan},
    title={Store Sales - Time Series Forecasting},
    publisher={Kaggle},
    year={2021},
    url={https://kaggle.com/competitions/store-sales-time-series-forecasting},
}


@misc{spaceship-titanic,
    author={Howard, Addison and Chow, Ashley and Holbrook, Ryan},
    title={Spaceship Titanic},
    publisher={Kaggle},
    year={2022},
    url={https://kaggle.com/competitions/spaceship-titanic},
}


@misc{bicycles-count,
    author={DOT},
    title={Bicycle Counts for East River Bridges},
    year={2017},
    url={https://data.cityofnewyork.us/Transportation/Bicycle-Counts-for-East-River-Bridges-Historical-/gua4-p9wg/about_data},
}


@misc{demand-forecasting,
    author={Wick, Felix},
    year={2023},
    url={https://github.com/FelixWick/demand_forecasting_simulation},
}


@misc{minGPT,
    author={Karpathy, Andrej},
    title={minGPT},
    year={2023},
    url={https://github.com/karpathy/minGPT},
}
